@phdthesis{vanDoorn2018,
  title = {On the {{Formalization}} of {{Higher Inductive Types}} and {{Synthetic Homotopy Theory}}},
  author = {{van Doorn}, Floris},
  year = {2018},
  language = {en},
  school = {Carnegie Mellon University},
}
